@string{sv = {Springer}}
@string{svlong = {Springer-Verlag}}
@string{lncs = {LNCS}}
@string{lncslong = {Lecture Notes in Computer Science}}

@string{acm = {ACM}}
@string{acmlong = {ACM Press}}

@string{mit = {MIT}}
@string{mitlong = {MIT Press}}

@string{nh = {North-Holland}}
@string{nhseries = {Studies in Logic and the Foundations of Mathematics}}

@string{cup = {CUP}}
@string{cuplong = {Cambridge University Press}}

@article{alur,
  author = {Rajeev Alur},
  title = {Predicate abstraction for reachability analysis of hybrid systems},
  journal = {ACM Trans. Embedded Comput. Syst},
  year = {2006},
  volume = {5},
  pages = {2006}
}

@MANUAL{coq,
  AUTHOR = {{The {Coq} Development Team}},
  TITLE = {{The Coq Proof Assistant Reference Manual -- Version V8.2}},
  YEAR = 2009,
  MONTH = Feb,
  NOTE = {http://coq.inria.fr}
}

@inproceedings{hintsinunification,
 author = {Asperti, Andrea and Ricciotti, Wilmer and Sacerdoti Coen, Claudio and Tassi, Enrico},
 title = {Hints in Unification},
 booktitle = {TPHOLs '09: Proceedings of the 22nd International Conference on Theorem Proving in Higher Order Logics},
 year = {2009},
 isbn = {978-3-642-03358-2},
 pages = {84--98},
 location = {Munich, Germany},
 doi = {http://dx.doi.org/10.1007/978-3-642-03359-9_8},
 publisher = {Springer-Verlag},
 address = {Berlin, Heidelberg},
 }

@inproceedings{wadler95monads,
  author    = {Philip Wadler},
  title     = {Monads for Functional Programming},
  pages     = {24-52},
  editor    = "J. Jeuring and E. Meijer",
  booktitle = {Advanced Functional Programming},
  publisher = sv,
  series    = lncs,
  volume    = {925},
  year      = {1995},
  isbn      = {3-540-59451-5},
}

