@string{sv = {Springer}}
@string{svlong = {Springer-Verlag}}
@string{lncs = {LNCS}}
@string{lncslong = {Lecture Notes in Computer Science}}

@string{acm = {ACM}}
@string{acmlong = {ACM Press}}

@string{mit = {MIT}}
@string{mitlong = {MIT Press}}

@string{nh = {North-Holland}}
@string{nhseries = {Studies in Logic and the Foundations of Mathematics}}

@string{cup = {CUP}}
@string{cuplong = {Cambridge University Press}}

@article{alur,
  author  = {Rajeev Alur and Thao Dang and Franjo Ivan\v ci\'c},
  title   = {Predicate abstraction for reachability analysis of hybrid systems},
  journal = {ACM Trans. Embedded Comput. Syst},
  year    = {2006},
  volume  = {5},
  pages   = {152--199}
}

@MANUAL{coq,
  AUTHOR = {{The {Coq} Development Team}},
  TITLE  = {{The Coq Proof Assistant Reference Manual -- Version V8.2}},
  YEAR   = 2009,
  MONTH  = Feb,
  NOTE   = {http://coq.inria.fr}
}


@inproceedings{henziger,
 AUTHOR = {Thomas A. Henzinger},
 TITLE  = {The Theory of Hybrid Automata},
 BOOK   = {Proceedings of the 11th Annual Symposium on {L}ogic in {C}omputer {S}cience ({LICS})}, 
 EDITOR = {IEEE Computer Society Press}, 
 YEAR   = {1996}, 
 PAGES  = {278-292},
 NOTE   = {An extended version appeared in Verification of Digital and Hybrid Systems (M.K. Inan, R.P. Kurshan, eds.), NATO ASI Series F: Computer and Systems Sciences, Vol. 170, Springer-Verlag, 2000, pp. 265-292}
}

@inproceedings{hintsinunification,
 author    = {Asperti, Andrea and Ricciotti, Wilmer and Sacerdoti Coen, Claudio and Tassi, Enrico},
 title     = {Hints in Unification},
 booktitle = {TPHOLs '09: Proceedings of the 22nd International Conference on Theorem Proving in Higher Order Logics},
 year      = {2009},
 isbn      = {978-3-642-03358-2},
 pages     = {84--98},
 location  = {Munich, Germany},
 doi       = {http://dx.doi.org/10.1007/978-3-642-03359-9_8},
 publisher = {Springer-Verlag},
 address   = {Berlin, Heidelberg},
 }

@inproceedings{corn,
  author    = {Lu\'{\i}s Cruz-Filipe and Herman Geuvers and Freek Wiedijk},
  title     = {{C-CoRN}, the Constructive {Coq} Repository at {Nijmegen}},
  year      = {2004},
  pages     = {88-103},
  ee        = {http://springerlink.metapress.com/openurl.asp?genre=article{\&}issn=0302-9743{\&}volume=3119{\&}spage=88},
  bibsource = {DBLP, http://dblp.uni-trier.de},
  booktitle = {MKM '04: Proceedings of the 3rd International Conference on Mathematical Knowledge Management},
  series    = lncs,
  volume    = {3119},
}

@inproceedings{oconnor,
  author    = {Russell O'Connor},
  title     = {Certified Exact Transcendental Real Number Computation in {Coq}},
  year      = {2008},
  pages     = {246-261},
  ee        = {http://dx.doi.org/10.1007/978-3-540-71067-7_21},
  bibsource = {DBLP, http://dblp.uni-trier.de},
  booktitle = {TPHOLs '08: Proceedings of the 21st International Conference on Theorem Proving in Higher Order Logics},
  series    = lncs,
  volume    = {5170},
}

@article{lynchvaandrager,
  author    = {Nancy A. Lynch and Roberto Segala and Frits W. Vaandrager},
  title     = {Hybrid {I/O} automata},
  journal   = {Inf. Comput.},
  volume    = {185},
  number    = {1},
  year      = {2003},
  pages     = {105-157},
  ee        = {http://dx.doi.org/10.1016/S0890-5401(03)00067-1},
  bibsource = {DBLP, http://dblp.uni-trier.de}
}

@techreport{hybrid-techreport,
author = {Weegen, E. van der},
title = {Automated Machine-Checked Hybrid System Safety Proofs,
An Implementation of the Abstraction Method In {C}oq},
institution = {Radboud University Nijmegen},
year = 2009,
url = {http://www.xs4all.nl/~weegen/eelis/research/hybrid/}
}

@inproceedings{wadler95monads,
  author    = {Philip Wadler},
  title     = {Monads for Functional Programming},
  pages     = {24-52},
  editor    = "J. Jeuring and E. Meijer",
  booktitle = {Advanced Functional Programming},
  publisher = sv,
  series    = lncs,
  volume    = {925},
  year      = {1995},
  isbn      = {3-540-59451-5},
}

@incollection{sozeau,
  author = {M. Sozeau},
  booktitle = {Types for Proofs and Programs},
  citeulike-article-id = {2443518},
  doi = {10.1007/978-3-540-74464-1\_16},
  editor = {T. Altenkirch   and C. {McBride}  },
  journal = {Types for Proofs and Programs},
  keywords = {coq, dependent-types, functional-programming,
theorem-proving, type-theory},
  pages = {237--252},
  priority = {4},
  publisher = sv,
  series = lncs,
  volume = {4502},
  title = {Subset Coercions in {Coq}},
  url = {http://dx.doi.org/10.1007\%2F978-3-540-74464-1\_16},
  year = {2007}
}
