@string{sv = {Springer}}
@string{svlong = {Springer-Verlag}}
@string{lncs = {LNCS}}
@string{lncslong = {Lecture Notes in Computer Science}}

@string{acm = {ACM}}
@string{acmlong = {ACM Press}}

@string{mit = {MIT}}
@string{mitlong = {MIT Press}}

@string{nh = {North-Holland}}
@string{nhseries = {Studies in Logic and the Foundations of Mathematics}}

@string{cup = {CUP}}
@string{cuplong = {Cambridge University Press}}

@article{alur,
  author  = {R. Alur and T. Dang and F. Ivan\v ci\'c},
  title   = {Predicate abstraction for reachability analysis of hybrid systems},
  journal = {ACM Trans. Embedded Comput. Syst},
  year    = {2006},
  volume  = {5},
  pages   = {152--199}
}

@MANUAL{coq,
  AUTHOR = {{The {Coq} Development Team}},
  TITLE  = {{The Coq Proof Assistant Reference Manual -- Version V8.2}},
  YEAR   = 2009,
  MONTH  = Feb,
  NOTE   = {http://coq.inria.fr}
}


@inproceedings{henziger,
 AUTHOR = {T. Henzinger},
 TITLE  = {The Theory of Hybrid Automata},
 BOOK   = {Proceedings of the 11th Annual Symposium on {L}ogic in {C}omputer {S}cience ({LICS})}, 
 EDITOR = {IEEE Computer Society Press}, 
 YEAR   = {1996}, 
 PAGES  = {278-292},
}

% NOTE   = {An extended version appeared in Verification 
%of Digital and Hybrid Systems (M.K. Inan, R.P. Kurshan, eds.),
% NATO ASI Series F: Computer and Systems Sciences, Vol. 170, 
%Springer-Verlag, 2000, pp. 265-292}


@inproceedings{hintsinunification,
 author    = {Asperti, Andrea and Ricciotti, Wilmer and Sacerdoti Coen, Claudio and Tassi, Enrico},
 title     = {Hints in Unification},
 booktitle = {TPHOLs '09: Proceedings of the 22nd International Conference on Theorem Proving in Higher Order Logics},
 year      = {2009},
 isbn      = {978-3-642-03358-2},
 pages     = {84--98},
 location  = {Munich, Germany},
 doi       = {http://dx.doi.org/10.1007/978-3-642-03359-9_8},
 publisher = {Springer-Verlag},
 address   = {Berlin, Heidelberg},
 }

@inproceedings{corn,
  author    = {L. Cruz-Filipe and H. Geuvers and F. Wiedijk},
  title     = {{C-CoRN}, the Constructive {Coq} Repository at {Nijmegen}},
  year      = {2004},
  pages     = {88-103},
  ee        = {http://springerlink.metapress.com/openurl.asp?genre=article{\&}issn=0302-9743{\&}volume=3119{\&}spage=88},
  bibsource = {DBLP, http://dblp.uni-trier.de},
  booktitle = {Proceedings of the 3rd International Conference on Mathematical Knowledge Management},
  series    = lncs,
  volume    = {3119},
}

@inproceedings{oconnor,
  author    = {R. O'Connor},
  title     = {Certified Exact Transcendental Real Number Computation in {Coq}},
  year      = {2008},
  pages     = {246-261},
  ee        = {http://dx.doi.org/10.1007/978-3-540-71067-7_21},
  bibsource = {DBLP, http://dblp.uni-trier.de},
  booktitle = {TPHOLs '08: Proceedings of the 21st International Conference on Theorem Proving in Higher Order Logics},
  series    = lncs,
  volume    = {5170},
}

@article{lynchvaandrager,
  author    = {N. Lynch and R. Segala and F. Vaandrager},
  title     = {Hybrid {I/O} automata},
  journal   = {Inf. Comput.},
  volume    = {185},
  number    = {1},
  year      = {2003},
  pages     = {105-157},
  ee        = {http://dx.doi.org/10.1016/S0890-5401(03)00067-1},
  bibsource = {DBLP, http://dblp.uni-trier.de}
}

@techreport{hybrid-techreport,
author = {Weegen, E. van der},
title = {Automated Machine-Checked Hybrid System Safety Proofs,
An Implementation of the Abstraction Method In {C}oq},
institution = {Radboud University Nijmegen},
year = 2009,
note = {http://www.eelis.net/research/hybrid/}
}

@inproceedings{wadler95monads,
  author    = {P. Wadler},
  title     = {Monads for Functional Programming},
  pages     = {24-52},
  editor    = "J.Jeuring and E.Meijer",
  booktitle = {Advanced Functional Programming},
  series    = lncs,
  volume    = {925},
  year      = {1995},
  isbn      = {3-540-59451-5},
}
%  publisher = sv,


@incollection{sozeau,
  author = {M. Sozeau},
  booktitle = {Types for Proofs and Programs},
  citeulike-article-id = {2443518},
  doi = {10.1007/978-3-540-74464-1\_16},
  editor = {T.Altenkirch  and C.{McBride}},
  journal = {Types for Proofs and Programs},
  keywords = {coq, dependent-types, functional-programming,
theorem-proving, type-theory},
  pages = {237--252},
  priority = {4},
  series = lncs,
  volume = {4502},
  title = {Subset Coercions in {Coq}},
  url = {http://dx.doi.org/10.1007\%2F978-3-540-74464-1\_16},
  year = {2007}
}
%  publisher = sv,

@misc{HST,
  title  = {Hybrid System Tools},
  author = {G. Pappas},
  note   = {\url{http://wiki.grasp.upenn.edu/hst/}},
}

@Article{HSolver,
  author  = {S. Ratschan and Z. She},
  title   = {Safety Verification of Hybrid Systems by Constraint Propagation Based Abstraction Refinement},
  journal = {ACM Transactions in Embedded Computing Systems},
  volume  = {6},
  number  = {1},
  year    = {2007}
}

@inproceedings{PHAVer,
  author    = {G. Frehse},
  title     = {{PHAVer}: Algorithmic Verification of Hybrid Systems Past {HyTech}},
  booktitle = {HSCC '05},
  year      = {2005},
  pages     = {258-273},
  ee        = {http://springerlink.metapress.com/openurl.asp?genre=article{\&}issn=0302-9743{\&}volume=3414{\&}spage=258},
  bibsource = {DBLP, http://dblp.uni-trier.de},
  series    = lncs,
  volume    = {3414},
}

@inproceedings{Mum01,
  author    = {E. {\'A}brah{\'a}m-Mumm and U. Hannemann and M. Steffen},
  title     = {Assertion-Based Analysis of Hybrid Systems with {PVS}},
  booktitle = {Proceedings of Computer Aided Systems Theory (EUROCAST '01)},
  year      = {2001},
  pages     = {94-109},
  ee        = {http://link.springer.de/link/service/series/0558/bibs/2178/21780094.htm},
  series    = lncs,
  volume    = {2178},
  bibsource = {DBLP, http://dblp.uni-trier.de}
}

@article{Cla03,
  author    = {E. Clarke and A. Fehnker and Z. Han and B. Krogh and J. Ouaknine and O. Stursberg and M. Theobald},
  title     = {Abstraction and Counterexample-Guided Refinement in Model Checking of Hybrid Systems},
  journal   = {Int. J. Found. Comput. Sci.},
  volume    = {14},
  number    = {4},
  year      = {2003},
  pages     = {583-604},
  bibsource = {DBLP, http://dblp.uni-trier.de}
}

@inproceedings{Chu99,
  author    = {A. Chutinan and B. Krogh},
  title     = {Verification of Polyhedral-Invariant Hybrid Automata Using Polygonal Flow Pipe Approximations},
  booktitle = {HSCC '99},
  year      = {1999},
  pages     = {76--90},
  volume    = {1569},
  series    = lncs,
  bibsource = {DBLP, http://dblp.uni-trier.de}
}

@inproceedings{Kow98,
  author    = {J. Preu{\ss}ig and S. Kowalewski and H. Wong-Toi and T. Henzinger},
  title     = {An Algorithm for the Approximative Analysis of Rectangular Automata},
  booktitle = {FTRTFT '98},
  year      = {1998},
  pages     = {228-240},
  ee        = {http://link.springer.de/link/service/series/0558/bibs/1486/14860228.htm},
  volume    = {1486},
  series    = lncs,
  bibsource = {DBLP, http://dblp.uni-trier.de}
}

@inproceedings{Kow96,
  author    = {O. Stursberg and S. Kowalewski and I. Hoffmann and J. Preu{\ss}ig},
  title     = {Comparing Timed and Hybrid Automata as Approximations of Continuous Systems},
  booktitle = {Hybrid Systems},
  year      = {1996},
  pages     = {361-377},
  volume    = {1273},
  series    = lncs,
  bibsource = {DBLP, http://dblp.uni-trier.de}
}

@misc{MATLAB,
  author    = {The MathWorks},
  title     = {{MATLAB}},
  note      = {\url{http://www.mathworks.com/products/matlab/}},
}

@article{Parma,
 author    = {R. Bagnara and P. Hill and E. Zaffanella},
 title     = {The Parma Polyhedra Library: Toward a complete set of numerical abstractions for the analysis 
              and verification of hardware and software systems},
 journal   = {Sci. Comput. Program.},
 volume    = {72},
 number    = {1-2},
 year      = {2008},
 pages     = {3-21},
 ee        = {http://dx.doi.org/10.1016/j.scico.2007.08.001},
 bibsource = {DBLP, http://dblp.uni-trier.de}
}

@article{RSolver,
  author  = {S. Ratschan},
  title   = {Efficient Solving of Quantified Inequality Constraints over the Real Numbers},
  journal = {ACM Transactions on Computational Logic},
  volume  = {7},
  number  = {4},
  pages   = {723--748},
  year    = {2006}
}

@inproceedings{KeYmaera,
  author    = {A. Platzer and J.-D. Quesel},
  title     = {KeYmaera: A Hybrid Theorem Prover for Hybrid Systems (System Description)},
  booktitle = {Proceedings of the 4th International Joint Conference on Automated Reasoning (IJCAR '08)},
  year      = {2008},
  pages     = {171-178},
  ee        = {http://dx.doi.org/10.1007/978-3-540-71070-7_15},
  series    = lncs,
  volume    = {5195},
  bibsource = {DBLP, http://dblp.uni-trier.de}
}

@inproceedings{Hen98,
  author    = {T. Henzinger and V. Rusu},
  title     = {Reachability Verification for Hybrid Automata},
  booktitle = {HSCC '98},
  year      = {1998},
  pages     = {190-204},
  series    = lncs,
  volume    = {1386},
  bibsource = {DBLP, http://dblp.uni-trier.de}
}

@inproceedings{Man98,
  author    = {Z. Manna and H. Sipma},
  title     = {Deductive Verification of Hybrid Systems Using {STeP}},
  booktitle = {HSCC '98},
  year      = {1998},
  pages     = {305-318},
  series    = lncs,
  volume    = {5195},
  bibsource = {DBLP, http://dblp.uni-trier.de}
}

@article{Man01,
  author    = {N. Bj{\o}rner and Z. Manna and H. Sipma and T. Uribe},
  title     = {Deductive verification of real-time systems using {STeP}},
  journal   = {Theor. Comput. Sci.},
  volume    = {253},
  number    = {1},
  year      = {2001},
  pages     = {27-60},
  ee        = {http://dx.doi.org/10.1016/S0304-3975(00)00088-8},
  bibsource = {DBLP, http://dblp.uni-trier.de}
}